<?xml version="1.0" encoding="UTF-8"?><collection xmlns="http://www.loc.gov/MARC21/slim"><record><leader>00433nam--2200157-i-4500</leader><controlfield tag="001">000003235</controlfield><controlfield tag="002">20161230</controlfield><controlfield tag="005">20161230201025</controlfield><controlfield tag="008">060222s1000------------r-----000-0-eng-d</controlfield><datafield ind1=" " ind2=" " tag="040"><subfield code="a">IFIN-HH</subfield></datafield><datafield ind1=" " ind2=" " tag="080"><subfield code="a">518.12</subfield></datafield><datafield ind1=" " ind2=" " tag="100"><subfield code="a">Boggott, E.A. And Levy, H</subfield></datafield><datafield ind1=" " ind2=" " tag="245"><subfield code="a">Numerical solutions of differential equations</subfield></datafield><datafield ind1=" " ind2=" " tag="260"><subfield code="a">NEW YORK, DOVER PUBLICATIONS, 1950. VIII + 238 p</subfield></datafield><datafield ind1=" " ind2=" " tag="852"><subfield code="a">12922</subfield><subfield code="c">518.12</subfield></datafield><datafield ind1=" " ind2=" " tag="CAT"><subfield code="a">Sys</subfield><subfield code="c">20090618</subfield><subfield code="h">111711</subfield></datafield></record></collection>